@comment{This file has been generated by Pybliographer}


@Misc{llvmlangref,
  Author         = "Project, LLVM",
  Title          = "{LLVM Language Reference Manuel}",
  month          = "aug",
  url            = "http://llvm.org/releases/3.6.0/docs/LangRef.html",
  year           = 2015
}

@MastersThesis{MScBuijs2010,
  Author         = {Buijs, J.C.A.M.},
  Title          = {{Mapping Data Sources to XES in a Generic Way}},
  School         = {{Eindhoven University of Technology}},
  file           = {Master thesis Joos
                   2010:C\:\\Users\\jbuijs.TUE\\Documents\\PhD\\Resources\\thesis_JBuijs\final.pdf:PDF},
  year           = 2010
}

@book{cooper2012engineering,
  title={Engineering a Compiler},
  author={Cooper, K.D. and Torczon, L.},
  isbn={9780120884780},
  lccn={2011288670},
  series={Morgan Kaufmann},
  url={https://books.google.de/books?id=CGTOlAEACAAJ},
  year={2012},
  publisher={Morgan Kaufmann}  
}

@book{aho2014compilers,
  title={Compilers : principles, techniques, and tools},
  author={Aho, A.V.},
  isbn={9781292024349},
  series={Always learning},
  url={https://books.google.de/books?id=HzCrngEACAAJ},
  year={2014},
  publisher={Pearson Education}
}


@book{2000automatic,
  title={Automatic Algorithm Recognition and Replacement: A New Approach to Program Optimization},
  author={Wen, Z.},
  isbn={9780262263702},
  url={https://books.google.de/books?id=u38h\_fV3UqgC},
  year={2000},
  publisher={MIT Press}
}


@book{valiente2002algorithms,
  title={Algorithms on Trees and Graphs},
  author={Valiente, G.},
  isbn={9783540435501},
  lccn={2002029195},
  url={https://books.google.de/books?id=NSfIWxqPlbcC},
  year={2002},
  publisher={Springer}
}

@book{wegener2005complexity,
  title={Complexity Theory: Exploring the Limits of Efficient Algorithms},
  author={Wegener, I.},
  isbn={9783540210450},
  lccn={2005920530},
  url={https://books.google.de/books?id=1fo7\_KoFUPsC},
  year={2005},
  publisher={Springer}
}

@article{Ullmann:1976,
 author = {Ullmann, J. R.},
 title = {An Algorithm for Subgraph Isomorphism},
 journal = {J. ACM},
 issue_date = {Jan. 1976},
 volume = {23},
 number = {1},
 month = jan,
 year = {1976},
 issn = {0004-5411},
 pages = {31--42},
 numpages = {12},
 url = {http://doi.acm.org/10.1145/321921.321925},
 doi = {10.1145/321921.321925},
 acmid = {321925},
 publisher = {ACM},
 address = {New York, NY, USA},
} 

@online{bib:rfcjson,
ALTauthor = {IETF},
ALTeditor = {editor},
title = {The JavaScript Object Notation (JSON) Data Interchange Format},
date = {March 2014},
url = {https://tools.ietf.org/html/rfc7159},
}

@online{bib:llvm_doxygen,
title = {Internal LLVM documentation},
url   = {http://llvm.org/docs/doxygen/html/},
data  = {August 2015}
}

@online{bib:llvm_passes,
title = {LLVMâ€™s Analysis and Transform Passes},
url   = {http://llvm.org/docs/Passes.html},
data  = {August 2015}
}
